%% This BibTeX bibliography file was created using BibDesk.
%% http://bibdesk.sourceforge.net/


%% Created for Kevin Moraga at 2013-11-04 21:57:36 -0600 


%% Saved with string encoding Unicode (UTF-8) 



@article{lamport:1979,
	Author = {Leslie Lamport},
	Date-Added = {2013-11-05 03:56:19 +0000},
	Date-Modified = {2013-11-05 03:57:36 +0000},
	Journal = {IEEE Transactionson Computers},
	Pages = {690--691},
	Title = {How to make a multiprocessor computer that correctly executes multiprocess programs.},
	Year = {September 1979}}

@book{jonassen:1999,
	Author = {David H. Jonassen and Kyle L. Peck and Brent Gayle Wilson},
	Date-Added = {2013-11-05 02:44:06 +0000},
	Date-Modified = {2013-11-05 02:46:56 +0000},
	Publisher = {Prentice Hall},
	Title = {Learning with technology. A constructivist Perspective},
	Year = {1999}}

@article{bordignon:2005,
	Author = {Fernando Ra{\'u}l Alfredo Bordignon},
	Date-Added = {2013-11-05 02:43:06 +0000},
	Date-Modified = {2013-11-05 02:43:43 +0000},
	Journal = {Universidad Nacional de La Plata},
	Title = {Dise{\~n}o de una Plataforma de Computaci{\'o}n Distribuida Cooperativa, Utilizando Servicios de una Red Compa{\~n}ero a Compa{\~n}ero},
	Year = {2005}}

@article{rowstron:2001,
	Author = {Antony Rowstron, Peter Druschel, Sitaram Iyer},
	Date-Added = {2013-11-05 02:42:06 +0000},
	Date-Modified = {2013-11-05 02:42:42 +0000},
	Journal = {21th ACM Symposium on Principles of Distributed Computing},
	Title = {Squirrel: A decentralized peer-to-peer web cache},
	Year = {2001}}

@article{wathsala:2009,
	Author = {Wathsala Vithanage and Nuwan Gunaratne and Nishshanka Sirisena},
	Date-Added = {2013-11-05 02:40:16 +0000},
	Date-Modified = {2013-11-05 02:42:53 +0000},
	Journal = {Lanka Software Fundation},
	Title = {Dalesa cache: A Peer -- to -- Peer Web Cache},
	Year = {2009}}

@article{liang:2001,
	Author = {Zhengang Liang and Hossam Hassanein and Patrick Martin},
	Date-Added = {2013-11-05 02:38:16 +0000},
	Date-Modified = {2013-11-05 02:39:21 +0000},
	Journal = {26th Annual IEEE International Conference on Local Computer Networks},
	Pages = {225},
	Title = {Transparent Distributed Web Caching},
	Year = {2001}}

@article{freedman:2004,
	Abstract = {CoralCDN is a peer-to-peer content distribution network
that allows a user to run a web site that offers high
performance and meets huge demand, all for the price of
a cheap broadband Internet connection. Volunteer sites
that run CoralCDN automatically replicate content as
a side effect of users accessing it. Publishing through
CoralCDN is as simple as making a small change to the
hostname in an object's URL; a peer-to-peer DNS layer
transparently redirects browsers to nearby participating
cache nodes, which in turn cooperate to minimize load on
the origin web server. One of the system's key goals is
to avoid creating hot spots that might dissuade volunteers
and hurt performance. It achieves this through Coral,
a latency-optimized hierarchical indexing infrastructure
based on a novel abstraction called a distributed sloppy
hash table, or DSHT.
},
	Author = {Michael J. Freedman and Eric Freudenthal and David Mazi{\'e}res},
	Date-Added = {2013-11-05 02:33:36 +0000},
	Date-Modified = {2013-11-05 02:39:44 +0000},
	Journal = {New York University},
	Title = {Democratizing content publication with Coral},
	Year = {2004}}

@book{Buyya:2008aa,
	Abstract = {Annotation},
	Address = {New York},
	Annote = {LDR    02608cam  22003372 b4500
001    7849977
005    20130110234431.0
006    m        d        
007    cr  n         
008    090406e20080814njua    s|||||||| 2|eng|d
020    $a9783540778868
020    $a3540778861 (Trade Cloth)$cUSD 159.00 Retail Price (Publisher)$9Active Record
024 3  $a9783540778868
035    $a(WaSeSS)ssj0000129818
037    $b00024965
040    $aBIP US$dWaSeSS
050  4 $aTK5105.C667 2008
100 1  $aBuyya, Rajkumar$eAuthor$eEditor$4edt
210 10 $aContent Delivery Networks
245 10 $aContent Delivery Networks$h[electronic resource]
260    $aNew York : $bSpringer$cAug. 2008
440  0 $aLecture Notes in Electrical Engineering Ser.
506    $aLicense restrictions may limit access.
520 8  $aAnnotation$b"Content Delivery Networks" enables the readers to understand the basics, to identify the underlying technology, to summarize their knowledge on concepts, ideas, principles and various paradigms which span on broad CDNs areas. Therefore, aspects of CDNs in terms of basics, design process, practice, techniques, performances, platforms, applications, and experimental results have been presented in a proper order. Fundamental methods, initiatives, significant research results, as well as references for further study have also been provided. Comparison of different design and development approaches are described at the appropriate places so that new researchers as well as advanced practitioners can use the CDNs evaluation as a research roadmap. All the contributions have been reviewed, edited, processed, and placed in the appropriate order to maintain consistency so that any reader irrespective of their level of knowledge and technological skills in CDNs would get the most out of it. The book is organized into three parts, namely, Part I: CDN Fundamentals; Part II: CDN Modeling and Performance; and Part III: Advanced CDN Platforms and Applications. The organization ensures the smooth flow of material as successive chapters build on prior ones.
700 1  $aPathan, Mukaddim$eEditor$4edt
700 1  $aVakali, Athena$eEditor$4edt
773  0 $tSpringerLink ebooks - Engineering (2008)
856 40 $uhttp://www.columbia.edu/cgi-bin/cul/resolve?clio7849977$zFull text available from SpringerLink ebooks - Engineering (2008)
910    $aBowker Global Books in Print record
920 40 $zFull text available from SpringerLink ebooks - Engineering (2008)$uhttp://link.springer.com/openurl?genre=book&isbn=978-3-540-77886-8
965    $a965SerialsSolutionsBooks
},
	Author = {Buyya, Rajkumar and Pathan, Mukaddim and Vakali, Athena},
	Call-Number = {TK5105.C667 2008},
	Date-Added = {2013-11-05 02:29:29 +0000},
	Date-Modified = {2013-11-05 02:29:29 +0000},
	Isbn = {9783540778868},
	Publisher = {Springer},
	Title = {Content Delivery Networks},
	Url = {http://www.columbia.edu/cgi-bin/cul/resolve?clio7849977},
	Year = {2008},
	Bdsk-Url-1 = {http://www.columbia.edu/cgi-bin/cul/resolve?clio7849977}}

@online{wiki_cacheweb,
	Author = {Wikipedia},
	Date-Added = {2013-11-05 02:24:48 +0000},
	Date-Modified = {2013-11-05 02:25:19 +0000},
	Howpublished = {\url{http://es.wikipedia.org/wiki/Cach%C3%A9_web}},
	Title = {Cach{\'e} Web},
	Url = {http://es.wikipedia.org/wiki/Cach%C3%A9_web},
	Year = {2013},
	Bdsk-Url-1 = {http://en.wikipedia.org/wiki/Pong}}

@online{wiki_p2p,
	Author = {Wikipedia},
	Date-Added = {2013-11-05 02:23:43 +0000},
	Date-Modified = {2013-11-05 03:05:14 +0000},
	Howpublished = {\url{http://es.wikipedia.org/wiki/P2P#Redes_P2P_centralizadas}},
	Title = {P2P},
	Url = {http://es.wikipedia.org/wiki/P2P#Redes_P2P_centralizadas},
	Year = {2013},
	Bdsk-Url-1 = {http://en.wikipedia.org/wiki/Pong}}

@online{wiki_cdn,
	Author = {Wikipedia},
	Date-Added = {2013-11-05 02:22:51 +0000},
	Date-Modified = {2013-11-05 02:24:27 +0000},
	Howpublished = {\url{http://en.wikipedia.org/wiki/Content_delivery_network}},
	Title = {Content delivery network},
	Url = {http://en.wikipedia.org/wiki/Content_delivery_network},
	Year = {2013},
	Bdsk-Url-1 = {http://en.wikipedia.org/wiki/Pong}}

@book{bentley:1999,
	Address = {Boston, MA, USA},
	Author = {Jon Bentley},
	Edition = {2nd},
	Publisher = {Addison--Wesley},
	Title = {{P}rogramming {P}earls},
	Year = {1999}}

@book{bringhurst:2002,
	Address = {Point Roberts, WA, USA},
	Author = {Robert Bringhurst},
	Publisher = {Hartley \& Marks Publishers},
	Series = {Version 3.2},
	Title = {{T}he {E}lements of {T}ypographic {S}tyle},
	Year = {2008}}

@book{cormen:2001,
	Address = {Cambridge, MA, USA},
	Author = {Cormen, Thomas H. and Leiserson, Charles E. and Rivest, Ronald L. and Clifford Stein},
	Edition = {2nd},
	Publisher = {The MIT Press},
	Title = {{I}ntroduction to {A}lgorithms},
	Year = {2001}}

@book{dueck:trio,
	Author = {Gunter Dueck},
	Note = {\url{http://www.omnisophie.com}},
	Publisher = {Springer, Berlin},
	Title = {{D}ueck's {T}rilogie: {O}mnisophie -- {S}upramanie -- {T}opothesie},
	Year = {2005}}

@article{knuth:1976,
	Address = {New York, NY, USA},
	Author = {Knuth, Donald E.},
	Journal = {SIGACT News},
	Month = {April/June},
	Number = {2},
	Pages = {18--24},
	Publisher = {ACM Press},
	Title = {{B}ig {O}micron and {B}ig {O}mega and {B}ig {T}heta},
	Volume = {8},
	Year = {1976}}

@article{knuth:1974,
	Address = {New York, NY, USA},
	Author = {Knuth, Donald E.},
	Journal = {Communications of the ACM},
	Month = {December},
	Number = {12},
	Pages = {667--673},
	Publisher = {ACM Press},
	Title = {{C}omputer {P}rogramming as an {A}rt},
	Volume = {17},
	Year = {1974}}

@book{sommerville:1992,
	Address = {Boston, MA, USA},
	Author = {Ian Sommerville},
	Edition = {4th},
	Publisher = {Addison-Wesley},
	Title = {{S}oftware {E}ngineering},
	Year = {1992}}

@book{Tanenbaum:2011,
	Address = {Boston},
	Annote = {LDR    09767cam  2200325 a 4500
001    8644452
005    20110719225105.0
008    100830s2011    maua     b    001 0 eng  
010    $a  2010034366
020    $a9780132126953 (alk. paper)
020    $a0132126958 (alk. paper)
024    $a99943074972
035    $a(OCoLC)ocn660087726
035    $a(NNC)8644452
040    $aDLC$cDLC$dYDX$dYDXCP$dEEK
050 00 $aTK5105.5$b.T36 2011
082 00 $a004.6$222
100 1  $aTanenbaum, Andrew S.,$d1944-
245 10 $aComputer networks /$cAndrew S. Tanenbaum, David J. Wetherall.
250    $a5th ed.
260    $aBoston :$bPearson Prentice Hall,$cc2011.
300    $axxii, 933 p. :$bill. ;$c24 cm.
504    $aIncludes bibliographical references and index.
505 0  $a1. Introduction. Uses of computer networks : Business applications ; Home applications ; Mobile users ; Social issues -- Network hardware : Personal area networks ; Local area networks ; Metropolitan area networks ; Wide area networks ; Internetworks -- Network software : Protocol hierarchies ; Design issues for the layers ; Connection-oriented versus connectionless service ; Service primitives ; The relationship of services to protocols -- Reference models : The OSI reference model ; The TCP/IP reference model ; The model used in this book ; A comparison of the OSI and TCP/IP reference models ; A critique of the OSI model and protocols ; A critique of the TCP/IP reference model -- Example networks : The internet ; Third-generation mobile phone networks ; Wireless LANs: 802.11 ; RFID and sensor networks -- Network standardization : Who's who in the telecommunications world ; Who's who in the international standards world ; Who's who in the internet standards world -- Metric units -- Outline of the rest of the book -- 2. The physical layer. The theoretical basis for data communication : Fourier analysis ; Bandwidth-limited signals ; The maximum data rate of a channel -- Guided transmission media : Magnetic media ; Twisted pairs ; Coaxial cable ; Power lines ; Fiber optics -- Wireless transmission : The electromagnetic spectrum ; Radio transmission ; Microwave transmission ; Infrared transmission ; Light transmission -- Communication satellites : Geostationary satellites ; Medium-earth orbit satellites ; Low-earth orbit satellites ; Satellites versus fiber -- Digital modulation and multiplexing : Baseband transmission ; Passband transmission ; Frequency division multiplexing ; Time division multiplexing ; Code division multiplexing -- The public switched telephone network : Structure of the telephone system ; The politics of telephones ; The local loop: modems, ADSL, and fiber ; Trunks and multiplexing ; Switching -- The mobile telephone system : First-generation (coco1G) mobile phones: analog voice ; Second-generation (2G) mobile phones: digital voice ; Third-generation (3G) mobile phones: digital voice and date -- Cable television : Community antenna television ; Internet over cable ; Spectrum allocation ; Cable modems ; ADSL versus cable -- 3. The data link layer. Data link layer design issues : Services provided to the network layer ; Framing ; Error control ; Flow control -- Error detection and correction : Error-correcting codes ; Error-detecting codes -- Elementary data link protocols : A Utopian simplex protocol ; A simplex stop-and-wait protocol for an error-free channel ; A simplex stop-and-wait protocol for a noisy channel -- Sliding window protocols : A one-bit sliding window protocol ; A protocol using go-back-n ; A protocol using selective repeat -- Example data link protocols : Packet over SONET ; ADSL (asymmetric digital subscriber loop) --
505 0  $a4. The medium access control sublayer. The channel allocation problem : Static channel allocation ; Assumptions for dynamic channel allocation -- Multiple access protocols : ALOHA ; Carrier sense multiple access protocols ; Collision-free protocols ; Limited-contention protocols ; Wireless LAN protocols -- Ethernet : Classic ethernet physical layer ; Classic ethernet MAC sublayer protocol ; Ethernet performance ; Switched ethernet ; Fast ethernet ; Gigabit ethernet ; 10-gigabit ethernet ; Retrospective on ethernet -- Wireless LANs : The 802.11 architecture and protocol stack ; The 802.11 physical layer ; The 802.11 MAC sublayer protocol ; The 802.11 frame structure ; Services -- Broadband wireless : Comparison of 802.16 with 802.11 and 3G ; The 802.16 architecture and protocol stack ; The 802.16 physical layer ; The 802.16 MAC sublayer protocol ; The 802.16 frame structure -- Bluetooth : Bluetooth architecture ; Bluetooth applications ; The bluetooth protocol stack ; The bluetooth radio layer ; The bluetooth link layers ; The bluetooth frame structure -- RFID : EPC gen 2 architecture ; EPC gen 2 physical layer ; EPC gen 2 tag identification layer ; Tag identification message formats -- Data link layer switching : Uses of bridges ; Learning bridges ; Spanning tree bridges ; Repeaters, hubs, bridges, switches, routers, and gateways ; Virtual LANs -- 5. The network layer. Network layer design issues : Store-and-forward packet switching ; Services provided to the transport layer ; Implementation of connectionless service ; Implementation of connection-oriented service ; Comparison of virtual-circuit and datagram networks -- Routing algorithms : The optimality principle ; Shortest path algorithm ; Flooding ; Distance vector routing ; Link state routing ; Hierarchical routing ; Broadcast routing ; Multicast routing ; Anycast routing ; Routing for mobile hosts ; Routing in ad hoc networks -- Congestion control algorithms : Approaches to congestion control : Traffic-aware routing ; Admission control ; Traffic throttling ; Load shedding -- Quality of service : Application requirements ; Traffic shaping ; Packet scheduling ; Admission control ; Integrated services ; Differentiated services -- Internetworking : How networks differ ; How networks can be connected ; Tunneling ; Internetwork routing ; Packet fragmentation -- The network layer in the internet : The IP version 4 protocol ; IP addresses ; IP version ; Internet control protocols ; Label switching and MPLS ; OSPF, an interior gateway routing protocol ; BGP, the exterior gateway routing protocol ; Internet multicasting ; Mobile IP -- 6. The transport layer. The transport service : Services provided to the upper layers ; Transport service primitives ; Berkeley sockets ; An example of socket programming: an internet file server -- Elements of transport protocols : Addressing ; Connection establishment ; Connection release ; Error control and flow control ; Multiplexing ; Crash recovery -- Congestion control : Desirable bandwidth allocation ; Regulating the sending rate ; Wireless issues -- The internet transport protocols: UDP : Introduction to UDP ; Remote procedure call ; Real-time transport protocols ; The internet transport protocols: TCP : Introduction to TCP ; The TCP service model ; The TCP protocol ; The TCP segment header ; TCP connection establishment ; TCP connection release ; TCP connection management modeling ; TCP sliding window ; TCP timer management ; TCP congestion control : The future of TCP -- Performance issues : Performance problems in computer networks ; Network performance measurement ; Host design for fast networks ; Fast segment processing ; Header compression ; Protocols for long fat networks -- Delay-tolerant networking : DTN architecture ; The bundle protocol --
505 0  $a7. The application layer. DNS, the domain name system : The DNS name space ; Domain resource records ; Name servers -- Electronic mail : Architecture and services ; The user agent ; Message formats ; Message transfer ; Final delivery -- The world wide web : Architectural overview ; Static web pages ; Dynamic web pages and web applications ; HTTP, the hypertext transfer protocol ; The mobile web ; Web search -- Streaming audio and video : Digital audio ; Digital video ; Streaming stored media ; Streaming live media ; Real-time conferencing -- Content delivery : Content and internet traffic ; Server farms and web proxies ; Content delivery networks ; Peer-to-peer networks -- 8. Network security. Cryptography : Introduction to cryptography ; Substitution ciphers ; Transposition ciphers ; One-time pads ; Two fundamental cryptographic principles -- Symmetric-key algorithms : DES, the data encryption standard ; AES, the advanced encryption standard ; Cipher modes ; Other ciphers ; Cryptanalysis -- Public-key algorithms : RSA ; Other public-key algorithms -- Digital signatures : Symmetric-key signatures ; Public-key signatures ; Message digests ; The birthday attack -- Management of public keys : Certificates ; X.509 ; Public key infrastructures -- Communication security : IPsec ; Firewalls ; Virtual private networks ; Wireless security -- Authentication protocols : Authentication based on a shared secret key ; Establishing a shared key: the Diffie-Hellman key exchange ; Authentication using a key distribution center ; Authentication using Kerberos ; Authentication using public-key cryptography -- Email security : PGP, pretty good privacy ; S/MIME -- Web security : Threats ; Secure naming ; SSL, the secure sockets layer ; Mobile code security -- Social issues : Privacy ; Freedom of speech ; Copyright -- 9. Reading list and bibliography. Suggestions for further reading : Introduction and general works ; The physical layer ; The data link layer ; The medium access control sublayer ; The network layer ; The transport layer ; The application layer ; Network security -- Alphabetical bibliography.
650  0 $aComputer networks.
700 1  $aWetherall, D.$q(David)
948 1  $a20110603$bc$cks26$dMPS
900    $aAUTH
},
	Author = {Tanenbaum, Andrew S. and Wetherall, D},
	Call-Number = {TK5105.5},
	Date-Added = {2013-10-17 17:24:10 +0000},
	Date-Modified = {2013-11-05 01:55:21 +0000},
	Dewey-Call-Number = {004.6},
	Edition = {5th ed},
	Genre = {Computer networks},
	Isbn = {9780132126953 (alk. paper)},
	Library-Id = {2010034366},
	Publisher = {Pearson Prentice Hall},
	Title = {Computer networks},
	Year = {2011}}

@book{Tanenbaum:2008,
	Author = {Andrew S. Tanenbaum},
	Bibsource = {DBLP, http://dblp.uni-trier.de},
	Date-Added = {2013-10-17 17:23:44 +0000},
	Date-Modified = {2013-11-05 01:55:17 +0000},
	Isbn = {978-0-13-600663-3},
	Pages = {I-XXVII, 1-1076},
	Publisher = {Pearson Education},
	Title = {Modern operating systems (3. ed.)},
	Year = {2008}}

@book{Tanenbaum:2006,
	Author = {Andrew S. Tanenbaum and Albert S. Woodhull},
	Bibsource = {DBLP, http://dblp.uni-trier.de},
	Date-Added = {2013-10-17 17:23:39 +0000},
	Date-Modified = {2013-11-05 01:55:34 +0000},
	Isbn = {978-0-13-142938-3},
	Pages = {I-XVII, 1-1054},
	Publisher = {Pearson Education},
	Title = {Operating systems - design and implementation (3. ed.)},
	Year = {2006}}

@misc{rfc2616,
	Author = {R. Fielding and J. Gettys and J. Mogul and H. Frystyk and L. Masinter and P. Leach and T. Berners-Lee},
	Howpublished = {RFC 2616 (Draft Standard)},
	Month = jun,
	Note = {Updated by RFCs 2817, 5785, 6266, 6585},
	Number = {2616},
	Organization = {Internet Engineering Task Force},
	Publisher = {IETF},
	Series = {Request for Comments},
	Title = {{Hypertext Transfer Protocol -- HTTP/1.1}},
	Url = {http://www.ietf.org/rfc/rfc2616.txt},
	Year = 1999,
	Bdsk-Url-1 = {http://www.ietf.org/rfc/rfc2616.txt}}

@misc{rfc1945,
	Author = {T. Berners-Lee and R. Fielding and H. Frystyk},
	Howpublished = {RFC 1945 (Informational)},
	Month = may,
	Number = {1945},
	Organization = {Internet Engineering Task Force},
	Publisher = {IETF},
	Series = {Request for Comments},
	Title = {{Hypertext Transfer Protocol -- HTTP/1.0}},
	Url = {http://www.ietf.org/rfc/rfc1945.txt},
	Year = 1996,
	Bdsk-Url-1 = {http://www.ietf.org/rfc/rfc1945.txt}}

@misc{rfc5694,
	Author = {G. Camarillo and IAB},
	Howpublished = {RFC 5694 (Informational)},
	Month = nov,
	Number = {5694},
	Organization = {Internet Engineering Task Force},
	Publisher = {IETF},
	Series = {Request for Comments},
	Title = {{Peer-to-Peer (P2P) Architecture: Definition, Taxonomies, Examples, and Applicability}},
	Url = {http://www.ietf.org/rfc/rfc5694.txt},
	Year = 2009,
	Bdsk-Url-1 = {http://www.ietf.org/rfc/rfc5694.txt}}

@misc{rfc6983,
	Author = {R. van Brandenburg and O. van Deventer and F. Le Faucheur and K. Leung},
	Howpublished = {RFC 6983 (Informational)},
	Month = jul,
	Number = {6983},
	Organization = {Internet Engineering Task Force},
	Publisher = {IETF},
	Series = {Request for Comments},
	Title = {{Models for HTTP-Adaptive-Streaming-Aware Content Distribution Network Interconnection (CDNI)}},
	Url = {http://www.ietf.org/rfc/rfc6983.txt},
	Year = 2013,
	Bdsk-Url-1 = {http://www.ietf.org/rfc/rfc6983.txt}}

@misc{rfc6707,
	Author = {B. Niven-Jenkins and F. Le Faucheur and N. Bitar},
	Howpublished = {RFC 6707 (Informational)},
	Month = sep,
	Number = {6707},
	Organization = {Internet Engineering Task Force},
	Publisher = {IETF},
	Series = {Request for Comments},
	Title = {{Content Distribution Network Interconnection (CDNI) Problem Statement}},
	Url = {http://www.ietf.org/rfc/rfc6707.txt},
	Year = 2012,
	Bdsk-Url-1 = {http://www.ietf.org/rfc/rfc6707.txt}}
